@manual{PCBStandard,
  year  = {2003},
  organization = {IPC},
  author = {},
  number = {IPC-2221A},
  title = {Generic Standard on Printed Board Design},
}

@manual{AUVSIrules,
  year  = {2015},
  organization = {AUVSI Seafarer},
  author = {},
  title = {2015 Rules for AUVSI Seafarer Chapter’s 13th Annual Student UAS (SUAS) Competition}
}

@misc{DIN_VDE_0298,
	type = {Norm},
	number = {DIN VDE 0298-4},
	title = {Verwendung von Kabeln und isolierten Leitungen für Starkstromanlagen},
	note = {}
}

@mastersthesis{Meiling,
	author = {Fabian Johannes Meilinger}, 
	title = {Optimierung einer unbemannten Flugplattform zur Teilnahme an der AUVSI SUAS Competition 2015},
	school = {Hochschule München},
	year = {23.01.2016}
}

@BOOK{Hering2017,
	AUTHOR = {Hering, Ekbert AND Bressler, Klaus AND Gutekunst, Jürgen},
	YEAR = {2017},
	TITLE = {Elektronik für Ingenieure und Naturwissenschaftler - },
	EDITION = {},
	ISBN = {978-3-662-54214-9},
	PUBLISHER = {Springer-Verlag},
	ADDRESS = {Berlin Heidelberg New York},
}

@BOOK{Herberg2013,
	AUTHOR = {Herberg, Reiner},
	YEAR = {2013},
	TITLE = {Elektronik - Einführung für alle Studiengänge},
	EDITION = {},
	ISBN = {978-3-663-09913-0},
	PUBLISHER = {Springer-Verlag},
	ADDRESS = {Berlin Heidelberg New York},
}

@book{IEEE_Thermal_conductivity,
  Author = {},
   Title = {Component size and effective thermal conductivity of printed circuit boards},
   subtitle = {Therm 2002: Ithem 2002 Is the Eighth Intersociey Conference on Thermal and Thermomechanical Phenomena in Electronic Systems},
  Publisher = {IEEE},
  Year = {2001},
  ISBN = {0780371526},
}

@BOOK{Heat_Transfer,
	AUTHOR = {Shabany, Younes},
	YEAR = {2009},
	TITLE = {Heat Transfer - Thermal Management of Electronics},
	EDITION = {},
	ISBN = {978-1-439-81468-0},
	PUBLISHER = {CRC Press},
	ADDRESS = {Boca Raton, Fla},
}


@manual{FDMC012N03,
  year  = {2015},
  organization = {Fairchild Semiconductor Corporation},
  author = {},
  title = {FDMC012N03 N-Channel Power Trench ® MOSFET Datasheet}
}

@manual{TPN2R304PL,
  year  = {2015},
  organization = {Toshiba Corporation},
  author = {},
  title = {TPN2R304PL Silicon N-channel MOS Datasheet}
}

@manual{TPHR6503PL,
  year  = {2016},
  organization = {Toshiba Corporation},
  author = {},
  title = {TPHR6503PL Silicon N-channel MOS Datasheet}
}

@mastersthesis{Simburger,
	author = {Michael Simbürger}, 
	title = {},
	school = {Hochschule München},
	year = {23.01.2018}
}

@BOOK{Reddy2010,
	AUTHOR = {Reddy, Thomas},
	YEAR = {2010},
	TITLE = {Linden's Handbook of Batteries, 4th Edition - },
	EDITION = {},
	ISBN = {978-0-071-62419-0},
	PUBLISHER = {McGraw Hill Professional},
	ADDRESS = {Madison},
}

@manual{LM5050-1,
  year  = {2015},
  organization = {Texas Instruments},
  author = {},
  title = {LM5050-1/-Q1 High-Side OR-ing FET Controller Datasheet}
}

@mastersthesis{Niclas,
	author = {Niclas Purger}, 
	title = {},
	school = {Hochschule München},
	year = {23.01.2018}
}