@book{GavriljukBerns1999,
  year  = {1999},
  publisher = {Springer Berlin Heidelberg},
  author = {Valentin G. Gavriljuk and Hans Berns},
  title = {High Nitrogen Steels}
}

@book{BargelSchulze2012,
  year  = {2012},
  publisher = {Springer Berlin Heidelberg},
  editor = {Hans-Jürgen Bargel and Günter Schulze},
  title = {Werkstoffkunde}
}

@book{WendlerKalsch1998,
  year  = {1998},
  publisher = {Springer Berlin Heidelberg},
  author = {Elsbeth Wendler-Kalsch and Hubert Gräfen},
  title = {Korrosionsschadenkunde}
}

@book{Kunze2001,
  year  = {04.2001},
  publisher = {{WILEY}-{VCH} Verlag {GmbH} {\&} Co. {KGaA}},
  editor = {Egon Kunze},
  title = {Korrosion und Korrosionsschutz}
}

@misc{DIN_50125,
	type = {Norm},
	number = {DIN 50125:2016-12},
	title = {Prüfung metallischer Werkstoffe - Zugproben},
	note = {}
}

@misc{DIN_EN_10027_1,
	type = {Norm},
	number = {DIN EN 10027-1:2017-01},
	title = {Bezeichnungssysteme für Stähle - Teil 1: Kurznamen; Deutsche Fassung EN 10027-1:2016},
	note = {}
}

@misc{DIN_EN_10027_2,
	type = {Norm},
	number = {DIN EN 10027-2:2015-07},
	title = {Bezeichnungssysteme für Stähle - Teil 2: Nummernsystem; Deutsche Fassung EN 10027-2:2015},
	note = {}
}

@misc{DIN_EN_ISO_6892_1,
	type = {Norm},
	number = {DIN EN ISO 6892-1:2017-02},
	title = {Metallische Werkstoffe - Zugversuch - Teil 1: Prüfverfahren bei Raumtemperatur (ISO 6892-1:2016); Deutsche Fassung EN ISO 6892-1:2016},
	note = {}
}

@misc{DIN_EN_ISO_17475,
	type = {Norm},
	number = {DIN EN ISO 17475:2008-07},
	title = {Korrosion von Metallen und Legierungen - Elektrochemische Prüfverfahren - Leitfaden für die Durchführung potentiostatischer und potentiodynamischer Polarisationsmessungen (ISO 17475:2005+Cor. 1:2006); Deutsche Fassung EN ISO 17475:2008},
	note = {}
}

@misc{DIN_EN_ISO_8044,
	type = {Norm},
	number = {DIN EN ISO 8044:2015-12},
	title = {Korrosion von Metallen und Legierungen - Grundbegriffe (ISO 8044:2015); Dreisprachige Fassung EN ISO 8044:2015 },
	note = {}
}


@misc{DIN_333,
	type = {Norm},
	number = {DIN 333:1986-04},
	title = {Zentrierbohrer 60 ${}^\circ$; Form R, A und B},
	note = {}
}

@manual{ETE_2013,
	title = {Datenblatt Cronidur® 30},
	organization = {Energietechnik Essen GmbH},
	year = {2013}
}


@manual{ETE_2003,
	title = {Nichtrostender Kaltarbeitsstahl CRONIDUR®30},
	organization = {Energietechnik Essen GmbH},
	year = {01.12.2003}
}

@manual{BOEHLER_N360_ISOEXTRA,
	title = {BÖHLER N360 ISOEXTRA NICHTROSTENDER STAHL},
	organization = {BÖHLER Edelstahl GmbH & Co KG},
	year = {10.2003}
}

@manual{CHRONIFER_M_4108,
	title = {CHRONIFER® M-4108},
	organization = {L. KLEIN SA},
	year = {07.2014}
}

@manual{Diskfix,
	title = {Elektroden-Schnellwechselhalter Diskfix},
	organization = {Bank Elektronik - Intelligent Controls GmbH},
	year = {07.2014}
}

@manual{Potentiostaten,
	title = {Potentiostaten},
	subtitle={Eine Einführung},
	author={Rudolf Dölling},
	organization = {Bank Elektronik - Intelligent Controls GmbH},
	year = {2004}
}

@manual{Edelstaehle,
	title = {Rostfreie Edelstähle},
	author={Marco Boniardi and Andrea Casaroli},
	organization = {GRUPPO LUCEFIN S.P.A.},
	year = {2014}
}

@manual{DEW_1.4301,
	title = {WERKSTOFFDATENBLATT X5CrNi18-10 1.4301},
	organization = {Deutsche Edelstahlwerke GmbH},
	year = {27.11.2015}
}

@manual{DEW_1.4404,
	title = {WERKSTOFFDATENBLATT X2CrNiMo17-12-2 1.4404},
	organization = {Deutsche Edelstahlwerke GmbH},
	year = {08.06.2016}
}

@misc{Galetz,
	author = {Mathias Galetz}, 
	title = {Korrosion der Metalle},
	howpublished = {Lehrstuhl Metallische Werkstoffe, Universität Bayreuth},
	note = {Skript zur Lehrveranstaltung WS2014},
	year = {01.2014}
}

@mastersthesis{Loch,
	author = {Denise Loch}, 
	title = {Korrosionsverhalten und die mechanischen Eigenschaften des Cronidur 30 bei verschiedenen Wärmebehandlungen},
	school = {Hochschule München},
	year = {30.06.2015}
}

@mastersthesis{Zimmermann,
	author = {Theresa Zimmermann}, 
	title = {},
	school = {Hochschule München},
	year = {2017}
}

@mastersthesis{Hild,
	author = {Stefanie Hild}, 
	title = {Herstellung und Charakterisierung von Korrosionsschutzschichten auf Basis von selbstorganisierenden Monoschichten},
	school = {Hochschule Darmstadt bzw. Karl-Winnacker-Institut, DECHEMA e.V., Frankfurt am Main},
	year = {2005}
}

@phdthesis{Buhlert,
	author = {Magnus Buhlert}, 
	title = {Zur Dynamik des elektrochemischen Metallabtrags},
	school = {Universität Bremen},
	year = {10.2005}
}

@misc{Zwilling,
    author = {ZWILLING J.A. Henckels AG}, 
	title = {Serie TWIN\textsuperscript{\textregistered} 1731},
    url = {https://www.zwilling.com/de/de/series/messer_scheren/twin_1731.html},
	note = {abgerufen am 07.09.2017 13:00}
}


@misc{Martensitelementarzelle,
    author = {Wikipedia}, 
	title = {Martensitelementarzelle},
    url = {https://commons.wikimedia.org/wiki/File:Bain%27sches_Modell_der_marten-sitischen_Umwandlung.gif},
	note = {abgerufen am 07.09.2017 13:00}
}

@misc{ciaaw,
    author = {Commission on Isotopic Abundances and Atomic Weights of the International Union of Pure and Applied Chemistry},
	title = {Standard Atomic Weights},
    url = {http://www.ciaaw.org/atomic-weights.htm},
	note = {abgerufen am 07.09.2017 13:00}
}

@book{Was_ist_Stahl,
  author = {Leopold Scheer and Hans Berns},
  title = {Was ist Stahl},
  subtitle={Eine Stahlkunde für jedermann},
  publisher = {Springer Berlin Heidelberg},
  year = {1980}
}

@book{Tabellenbuch_Metall,
  author = {Ulrich Fischer and Roland Gomeringer and Roland Kilgus and Friedrich Näher and  Stefan Oesterle and Heinz Paetzold and Andreas Stephan and Ralf Winkow},
  title = {Tabellenbuch Metall},
  subtitle={mit Formelsammlung},
  publisher = {Haan-Gruiten: Verl. Europa-Lehrmittel Nourney, Vollmer},
  year = {2011},
}

@misc{DIN_6581_1,
	type = {Norm},
	number = {DIN 6581:1985-10},
	title = {Begriffe der Zerspantechnik; Bezugssysteme und Winkel am Schneidteil des Werkzeuges},
	note = {}
}

@book{RahmelSchwenk1977,
  Author = {Alfred Rahmel and Wilhelm Schwenk},
  Title = {Korrosion und Korrosionsschutz von Stählen},
  Publisher = {Verlag Chemie Weinheim New York},
  Year = {1977},
}